@article{example,
  author = {Author, A.},
  title = {Example Title},
  journal = {Journal Name},
  year = {2023},
  volume = {1},
  pages = {1-10}
}

@article{example2,
  author = {Author, B.},
  title = {Example Title 2},
  journal = {Journal Name 2},
  year = {2023},
  volume = {2},
  pages = {1-10}
}